<?xml version="1.0"?>
<marc:records xmlns:marc="http://www.loc.gov/MARC21/slim" xmlns:xsi="http://www.w3.org/2001/XMLSchema-instance" xsi:schemaLocation="http://www.loc.gov/MARC21/slim http://www.loc.gov/standards/marcxml/schema/MARC21slim.xsd">
  <marc:record>
    <marc:leader>05360ntm a2200529Ia 4500</marc:leader>
    <marc:controlfield tag="001">9977523745903681</marc:controlfield>
    <marc:controlfield tag="005">20190730141906.0</marc:controlfield>
    <marc:controlfield tag="008">190507s1780    fr            000 0 heb d</marc:controlfield>
    <marc:datafield ind1=" " ind2=" " tag="035">
  <marc:subfield code="a">(OCoLC)1100423506</marc:subfield>
</marc:datafield>
    <marc:datafield ind1=" " ind2=" " tag="035">
  <marc:subfield code="a">(OCoLC)on1100423506</marc:subfield>
</marc:datafield>
    <marc:datafield ind1=" " ind2=" " tag="040">
  <marc:subfield code="a">PAU</marc:subfield>
  <marc:subfield code="b">eng</marc:subfield>
  <marc:subfield code="c">PAU</marc:subfield>
  <marc:subfield code="e">amremm</marc:subfield>
  <marc:subfield code="d">PAU</marc:subfield>
</marc:datafield>
    <marc:datafield ind1=" " ind2="9" tag="099">
  <marc:subfield code="a">CAJS Rar Ms 495</marc:subfield>
</marc:datafield>
    <marc:datafield ind1="1" ind2=" " tag="100">
  <marc:subfield code="6">880-01</marc:subfield>
  <marc:subfield code="a">Milhaud, Mosheh de.</marc:subfield>
</marc:datafield>
    <marc:datafield ind1="1" ind2="0" tag="245">
  <marc:subfield code="6">880-02</marc:subfield>
  <marc:subfield code="a">Hilkhot sheh&#x323;itah [bedik&#x323;ah u-t&#x323;erefot].</marc:subfield>
</marc:datafield>
    <marc:datafield ind1=" " ind2=" " tag="260">
  <marc:subfield code="6">880-03</marc:subfield>
  <marc:subfield code="a">Lis&#x301;loa,</marc:subfield>
  <marc:subfield code="c">1780.</marc:subfield>
</marc:datafield>
    <marc:datafield ind1=" " ind2=" " tag="300">
  <marc:subfield code="a">19 leaves :</marc:subfield>
  <marc:subfield code="b">paper ;</marc:subfield>
  <marc:subfield code="c">220 x 140 (160 x 100) mm bound to 225 x 155 mm.</marc:subfield>
</marc:datafield>
    <marc:datafield ind1=" " ind2=" " tag="500">
  <marc:subfield code="a">Ms. codex.</marc:subfield>
</marc:datafield>
    <marc:datafield ind1=" " ind2=" " tag="500">
  <marc:subfield code="a">Title from first heading and headings later on in the manuscript (f. 1r; 10r).</marc:subfield>
</marc:datafield>
    <marc:datafield ind1=" " ind2=" " tag="500">
  <marc:subfield code="a">Collation: Paper, i + 19 + i; 1&#x2077; (+7) 2-3&#x2076;, 1 leaf; modern foliation in pencil, lower left recto, 1-19.</marc:subfield>
</marc:datafield>
    <marc:datafield ind1=" " ind2=" " tag="500">
  <marc:subfield code="a">Layout: Written in 16 long lines ruled in hardpoint; single indents follow each heading, while the final word for the preceding paragraph finishes without a period, as if in a open dialogue style.</marc:subfield>
</marc:datafield>
    <marc:datafield ind1=" " ind2=" " tag="500">
  <marc:subfield code="a">Script:  Written in a square script more typical of Italy in the hand of Mosheh de Milhaud; he was clearly quite expert at fine writing.</marc:subfield>
</marc:datafield>
    <marc:datafield ind1=" " ind2=" " tag="500">
  <marc:subfield code="a">Binding: Limp parchment wrappers, likely original.</marc:subfield>
</marc:datafield>
    <marc:datafield ind1=" " ind2=" " tag="500">
  <marc:subfield code="a">Origin:  Written in L'Isle-sur-la-Sorgue by Mosheh de Milhaud on behalf of the bachelor Eliyahu ben Ya'akov Carmi of Carpentras on 15 Adar I 5540 (Monday, 21 February 1780; colophon f. 18v).</marc:subfield>
</marc:datafield>
    <marc:datafield ind1=" " ind2=" " tag="520">
  <marc:subfield code="a">This is a manuscript of learning concentrated in the laws of sheh&#x323;itah (kosher ritual slaughter), bedik&#x323;ah (the subsequent inspection of deformities), and t&#x323;erefot (permitted and prohibited deformities for slaughtered animals). The purpose of the manuscript may have been a gift in honor of a completion of a semikhah for ritual slaughter, and the colophon suggests that the manuscript was a commissioned project. Notable rulings include that a drunkard (ha-shikor) should not perform shehitah, even if he has not reached the drunkenness level of Lot (f. 5r); this is the Ashkenazic ruling, here preferred by a teacher in Provence with ostensibly Sefardic customs (see R. Mosheh Isserles, ha-Mapah, commentary to Shulh&#x323;an &#x2BB;arukh Yoreh de&#x2BB;ah 1:8, who rules this way; R. Joseph Karo rules that a semi-drunk may slaughter). Another is that one may not perform shehitah over a moat (guma) because it is "the custom of heretics" (apik&#x323;orsim; f. 5v); this is a variant of the Talmud Bavli, H&#x323;ulin 41b, which records that being the custom of the Sadducees. Another instance where the writer supports the Ashkenazic ruling against the Sefardim is about the process of finding animals kosher despite certain types of lung adhesions (sirkhot) that do not puncture the lining of the lung, which R. Joseph Karo rules is "feeding t&#x323;erefot to (the people of) Israel...", see ibid., 39:10, and R. Mosheh Isserles' note to ibid., 39:13 permitting it), because "it is the animal of a Jew, and the loss is great... ("hefsed merubah," f. 15v). With later emendations written by R. Abraham de Monteles in his hand, approximately 1800.</marc:subfield>
</marc:datafield>
    <marc:datafield ind1=" " ind2=" " tag="524">
  <marc:subfield code="a">UPenn CAJS Rar Ms 495.</marc:subfield>
</marc:datafield>
    <marc:datafield ind1=" " ind2=" " tag="546">
  <marc:subfield code="a">Hebrew.</marc:subfield>
</marc:datafield>
    <marc:datafield ind1="1" ind2=" " tag="561">
  <marc:subfield code="a">Formerly owned by Avraham de Monteles (signature, f. i recto); this may have been a relative of the wider de Monteles family, who were authors of other halakhic texts, such as R. Joseph b. Avraham de Monteles (17th century?), who authored Orh&#x323;ot h&#x323;ayim, a k&#x323;itsur based on the Shulh&#x323;an &#x2BB;arukh orah&#x323; h&#x323;ayim, preserved in Ets Haim Library Amsterdam Netherlands 47 E 31. This owner inscribes local minhagim and his emendations to the text in multiple places, approximately 1800.</marc:subfield>
</marc:datafield>
    <marc:datafield ind1="1" ind2=" " tag="561">
  <marc:subfield code="a">Presented to The Penn Libraries in 2018 by Joseph and Susan Moldovan (C'76).</marc:subfield>
</marc:datafield>
    <marc:datafield ind1=" " ind2="0" tag="650">
  <marc:subfield code="a">Shehitah.</marc:subfield>
</marc:datafield>
    <marc:datafield ind1=" " ind2="0" tag="650">
  <marc:subfield code="a">Jews</marc:subfield>
  <marc:subfield code="x">Dietary laws.</marc:subfield>
</marc:datafield>
    <marc:datafield ind1=" " ind2="0" tag="650">
  <marc:subfield code="a">Jews</marc:subfield>
  <marc:subfield code="z">France</marc:subfield>
  <marc:subfield code="z">L'Isle-sur-la-Sorgue</marc:subfield>
  <marc:subfield code="y">18th century.</marc:subfield>
</marc:datafield>
    <marc:datafield ind1=" " ind2="0" tag="651">
  <marc:subfield code="a">Comtat Venaissin (France)</marc:subfield>
  <marc:subfield code="x">History</marc:subfield>
  <marc:subfield code="y">18th century</marc:subfield>
  <marc:subfield code="v">Sources.</marc:subfield>
</marc:datafield>
    <marc:datafield ind1=" " ind2="7" tag="655">
  <marc:subfield code="a">Codices (bound manuscripts)</marc:subfield>
  <marc:subfield code="2">aat</marc:subfield>
</marc:datafield>
    <marc:datafield ind1=" " ind2="7" tag="655">
  <marc:subfield code="a">Manuals (instructional materials)</marc:subfield>
  <marc:subfield code="2">aat</marc:subfield>
</marc:datafield>
    <marc:datafield ind1=" " ind2="0" tag="655">
  <marc:subfield code="a">Manuscripts, European.</marc:subfield>
</marc:datafield>
    <marc:datafield ind1="1" ind2=" " tag="700">
  <marc:subfield code="6">880-04</marc:subfield>
  <marc:subfield code="a">Monteles, Avraham de,</marc:subfield>
  <marc:subfield code="e">former owner.</marc:subfield>
</marc:datafield>
    <marc:datafield ind1="1" ind2=" " tag="700">
  <marc:subfield code="a">Moldovan, Joseph,</marc:subfield>
  <marc:subfield code="e">donor.</marc:subfield>
</marc:datafield>
    <marc:datafield ind1="1" ind2=" " tag="700">
  <marc:subfield code="a">Moldovan, Susan,</marc:subfield>
  <marc:subfield code="e">donor.</marc:subfield>
</marc:datafield>
    <marc:datafield ind1="2" ind2=" " tag="710">
  <marc:subfield code="a">Moldovan Family Judaica Collection (University of Pennsylvania)</marc:subfield>
  <marc:subfield code="5">PU</marc:subfield>
</marc:datafield>
    <marc:datafield ind1="0" ind2="0" tag="773">
  <marc:subfield code="t">Moldovan Family Judaica Collection (University of Pennsylvania)</marc:subfield>
</marc:datafield>
    <marc:datafield ind1=" " ind2=" " tag="852">
  <marc:subfield code="b">Library at the Herbert D. Katz Center for Advanced Judaic Studies</marc:subfield>
  <marc:subfield code="a">University of Pennsylvania</marc:subfield>
  <marc:subfield code="e">420 Walnut Street, Philadelphia, Pennsylvania 19106-3703.</marc:subfield>
  <marc:subfield code="j">CAJS Rar Ms 495</marc:subfield>
</marc:datafield>
    <marc:datafield ind1="1" ind2=" " tag="880">
  <marc:subfield code="6">100-01//r</marc:subfield>
  <marc:subfield code="a">&#x5D3;&#x5D9;&#x5DE;&#x5D9;&#x5DC;&#x5D9;&#x5D9;&#x5D0;&#x5D1;, &#x5DE;&#x5E9;&#x5D4;.</marc:subfield>
</marc:datafield>
    <marc:datafield ind1="1" ind2="0" tag="880">
  <marc:subfield code="6">245-02//r</marc:subfield>
  <marc:subfield code="a">&#x5D4;&#x5DC;&#x5DB;&#x5D5;&#x5EA; &#x5E9;&#x5D7;&#x5D9;&#x5D8;&#x5D4; [&#x5D1;&#x5D3;&#x5D9;&#x5E7;&#x5D4; &#x5D5;&#x5D8;&#x5E8;&#x5E4;&#x5D5;&#x5EA;].</marc:subfield>
</marc:datafield>
    <marc:datafield ind1=" " ind2=" " tag="880">
  <marc:subfield code="6">260-03//r</marc:subfield>
  <marc:subfield code="a">&#x5DC;&#x5D9;&#x5E9;&#x5DC;&#x5D5;&#x5D0;,</marc:subfield>
  <marc:subfield code="c">&#x5EA;&#x5E7;"&#x5DE;.</marc:subfield>
</marc:datafield>
    <marc:datafield ind1="1" ind2=" " tag="880">
  <marc:subfield code="6">700-04//r</marc:subfield>
  <marc:subfield code="a">&#x5D3;&#x5DE;&#x5D5;&#x5E0;&#x5D8;&#x5D9;&#x5DC;&#x5D9;&#x5E5;, &#x5D0;&#x5D1;&#x5E8;&#x5D4;&#x5DD;,</marc:subfield>
  <marc:subfield code="e">&#x5D1;&#x5E2;&#x5DC;&#x5D9;&#x5DD; &#x5E7;&#x5D5;&#x5D3;&#x5DE;&#x5D9;&#x5DD;.</marc:subfield>
</marc:datafield>
    <marc:datafield ind1=" " ind2=" " tag="948">
  <marc:subfield code="h">HELD BY PAU - 0 OTHER HOLDINGS</marc:subfield>
</marc:datafield>
    <marc:datafield ind1=" " ind2=" " tag="994">
  <marc:subfield code="a">Z0</marc:subfield>
  <marc:subfield code="b">PAU</marc:subfield>
</marc:datafield>
    <marc:datafield ind1=" " ind2=" " tag="996">
  <marc:subfield code="a">hinge-right</marc:subfield>
</marc:datafield>
    <marc:holdings>
      <marc:holding>
        <marc:holding_id>22586217810003681</marc:holding_id>
        <marc:call_number>CAJS Rar Ms 495</marc:call_number>
        <marc:library>KatzLib</marc:library>
        <marc:location>cjsrarms</marc:location>
      </marc:holding>
    </marc:holdings>
  </marc:record>
</marc:records>
